@inproceedings{YangSWW21,
	author    = {Kang Yang and
	Pratik Sarkar and
	Chenkai Weng and
	Xiao Wang},
	editor    = {Yongdae Kim and
	Jong Kim and
	Giovanni Vigna and
	Elaine Shi},
	title     = {QuickSilver: Efficient and Affordable Zero-Knowledge Proofs for Circuits
	and Polynomials over Any Field},
	booktitle = {{CCS} '21: 2021 {ACM} {SIGSAC} Conference on Computer and Communications
	Security, Virtual Event, Republic of Korea, November 15 - 19, 2021},
	pages     = {2986--3001},
	publisher = {{ACM}},
	year      = {2021},
	url       = {https://doi.org/10.1145/3460120.3484556},
	doi       = {10.1145/3460120.3484556},
	timestamp = {Sun, 02 Oct 2022 15:56:18 +0200},
	biburl    = {https://dblp.org/rec/conf/ccs/YangSWW21.bib},
	bibsource = {dblp computer science bibliography, https://dblp.org}
}

@inproceedings{BaumBMRS21,
	author    = {Carsten Baum and
	Lennart Braun and
	Alexander Munch{-}Hansen and
	Beno{\^{\i}}t Razet and
	Peter Scholl},
	editor    = {Yongdae Kim and
	Jong Kim and
	Giovanni Vigna and
	Elaine Shi},
	title     = {Appenzeller to Brie: Efficient Zero-Knowledge Proofs for Mixed-Mode
	Arithmetic and Z2k},
	booktitle = {{CCS} '21: 2021 {ACM} {SIGSAC} Conference on Computer and Communications
	Security, Virtual Event, Republic of Korea, November 15 - 19, 2021},
	pages     = {192--211},
	publisher = {{ACM}},
	year      = {2021},
	url       = {https://doi.org/10.1145/3460120.3484812},
	doi       = {10.1145/3460120.3484812},
	timestamp = {Sat, 09 Apr 2022 12:37:28 +0200},
	biburl    = {https://dblp.org/rec/conf/ccs/BaumBMRS21.bib},
	bibsource = {dblp computer science bibliography, https://dblp.org}
}

@inproceedings{DittmerILO22,
	author    = {Samuel Dittmer and
	Yuval Ishai and
	Steve Lu and
	Rafail Ostrovsky},
	editor    = {Heng Yin and
	Angelos Stavrou and
	Cas Cremers and
	Elaine Shi},
	title     = {Improving Line-Point Zero Knowledge: Two Multiplications for the Price
	of One},
	booktitle = {Proceedings of the 2022 {ACM} {SIGSAC} Conference on Computer and
	Communications Security, {CCS} 2022, Los Angeles, CA, USA, November
	7-11, 2022},
	pages     = {829--841},
	publisher = {{ACM}},
	year      = {2022},
	url       = {https://doi.org/10.1145/3548606.3559385},
	doi       = {10.1145/3548606.3559385},
	timestamp = {Sat, 17 Dec 2022 01:15:29 +0100},
	biburl    = {https://dblp.org/rec/conf/ccs/DittmerILO22.bib},
	bibsource = {dblp computer science bibliography, https://dblp.org}
}

@inproceedings{DittmerIO21,
	author    = {Samuel Dittmer and
	Yuval Ishai and
	Rafail Ostrovsky},
	editor    = {Stefano Tessaro},
	title     = {Line-Point Zero Knowledge and Its Applications},
	booktitle = {2nd Conference on Information-Theoretic Cryptography, {ITC} 2021,
	July 23-26, 2021, Virtual Conference},
	series    = {LIPIcs},
	volume    = {199},
	pages     = {5:1--5:24},
	publisher = {Schloss Dagstuhl - Leibniz-Zentrum f{\"{u}}r Informatik},
	year      = {2021},
	url       = {https://doi.org/10.4230/LIPIcs.ITC.2021.5},
	doi       = {10.4230/LIPIcs.ITC.2021.5},
	timestamp = {Thu, 16 Sep 2021 17:32:10 +0200},
	biburl    = {https://dblp.org/rec/conf/citc/DittmerIO21.bib},
	bibsource = {dblp computer science bibliography, https://dblp.org}
}

@inproceedings{BaumMRS21,
	author    = {Carsten Baum and
	Alex J. Malozemoff and
	Marc B. Rosen and
	Peter Scholl},
	editor    = {Tal Malkin and
	Chris Peikert},
	title     = {Mac'n'Cheese: Zero-Knowledge Proofs for Boolean and Arithmetic Circuits
	with Nested Disjunctions},
	booktitle = {Advances in Cryptology - {CRYPTO} 2021 - 41st Annual International
	Cryptology Conference, {CRYPTO} 2021, Virtual Event, August 16-20,
	2021, Proceedings, Part {IV}},
	series    = {Lecture Notes in Computer Science},
	volume    = {12828},
	pages     = {92--122},
	publisher = {Springer},
	year      = {2021},
	url       = {https://doi.org/10.1007/978-3-030-84259-8\_4},
	doi       = {10.1007/978-3-030-84259-8\_4},
	timestamp = {Sat, 09 Apr 2022 12:33:44 +0200},
	biburl    = {https://dblp.org/rec/conf/crypto/BaumMRS21.bib},
	bibsource = {dblp computer science bibliography, https://dblp.org}
}

@inproceedings{Weng0YX022,
	author    = {Chenkai Weng and
	Kang Yang and
	Zhaomin Yang and
	Xiang Xie and
	Xiao Wang},
	editor    = {Heng Yin and
	Angelos Stavrou and
	Cas Cremers and
	Elaine Shi},
	title     = {AntMan: Interactive Zero-Knowledge Proofs with Sublinear Communication},
	booktitle = {Proceedings of the 2022 {ACM} {SIGSAC} Conference on Computer and
	Communications Security, {CCS} 2022, Los Angeles, CA, USA, November
	7-11, 2022},
	pages     = {2901--2914},
	publisher = {{ACM}},
	year      = {2022},
	url       = {https://doi.org/10.1145/3548606.3560667},
	doi       = {10.1145/3548606.3560667},
	timestamp = {Sat, 17 Dec 2022 01:15:29 +0100},
	biburl    = {https://dblp.org/rec/conf/ccs/Weng0YX022.bib},
	bibsource = {dblp computer science bibliography, https://dblp.org}
}